<record><leader>00000cas a2200000 a 4500</leader><controlfield tag="001">1568138</controlfield><controlfield tag="008">750824d18901940ilusr ne      0   a0eng c</controlfield><datafield ind1=" " ind2=" " tag="010"><subfield code="a">sn 92063435 </subfield></datafield><datafield ind1=" " ind2=" " tag="040"><subfield code="a">MUL</subfield><subfield code="b">eng</subfield><subfield code="c">MUL</subfield><subfield code="d">NYS</subfield><subfield code="d">ONP</subfield><subfield code="d">NVF</subfield><subfield code="d">OCLCQ</subfield><subfield code="d">OCLCF</subfield><subfield code="d">NVF</subfield><subfield code="d">OCLCQ</subfield><subfield code="d">OCLCO</subfield><subfield code="d">OCL</subfield></datafield><datafield ind1="1" ind2=" " tag="029"><subfield code="a">AU@</subfield><subfield code="b">000025907433</subfield></datafield><datafield ind1=" " ind2=" " tag="042"><subfield code="a">pcc</subfield></datafield><datafield ind1=" " ind2=" " tag="043"><subfield code="a">n-us-il</subfield></datafield><datafield ind1="0" ind2="4" tag="245"><subfield code="a">The Epworth herald.</subfield></datafield><datafield ind1=" " ind2=" " tag="260"><subfield code="a">Chicago, Ill. :</subfield><subfield code="b">Cranston &amp; Stowe,</subfield><subfield code="c">1890-1940.</subfield></datafield><datafield ind1="2" ind2=" " tag="260"><subfield code="3">&lt;Apr. 21, 1894&gt;-Dec. 11, 1915</subfield><subfield code="a">Chicago, Ill. :</subfield><subfield code="a">New York, N.Y. :</subfield><subfield code="b">[publisher not identified]</subfield></datafield><datafield ind1="3" ind2=" " tag="260"><subfield code="3">Dec. 18, 1915-Dec. 21, 1940</subfield><subfield code="a">Chicago, Ill. :</subfield><subfield code="b">[publisher not identified]</subfield></datafield><datafield ind1=" " ind2=" " tag="300"><subfield code="a">volumes</subfield></datafield><datafield ind1=" " ind2=" " tag="310"><subfield code="a">Semimonthly,</subfield><subfield code="b">June 3, 1933-Dec. 21, 1940</subfield></datafield><datafield ind1=" " ind2=" " tag="321"><subfield code="a">Weekly,</subfield><subfield code="b">June 7, 1890-May 27, 1933</subfield></datafield><datafield ind1=" " ind2=" " tag="336"><subfield code="a">text</subfield><subfield code="b">txt</subfield><subfield code="2">rdacontent</subfield></datafield><datafield ind1=" " ind2=" " tag="337"><subfield code="a">unmediated</subfield><subfield code="b">n</subfield><subfield code="2">rdamedia</subfield></datafield><datafield ind1=" " ind2=" " tag="338"><subfield code="a">volume</subfield><subfield code="b">nc</subfield><subfield code="2">rdacarrier</subfield></datafield><datafield ind1="0" ind2=" " tag="362"><subfield code="a">Vol. 1, no. 1 (June 7, 1890)-v. 51, no. 24 (Dec. 21, 1940).</subfield></datafield><datafield ind1=" " ind2=" " tag="550"><subfield code="a">Official organ of the Epworth League.</subfield></datafield><datafield ind1="2" ind2="0" tag="610"><subfield code="a">Methodist Episcopal Church</subfield><subfield code="v">Newspapers.</subfield></datafield><datafield ind1=" " ind2="0" tag="650"><subfield code="a">Protestant youth</subfield><subfield code="v">Newspapers.</subfield></datafield><datafield ind1=" " ind2="0" tag="650"><subfield code="a">Christian youth</subfield><subfield code="v">Newspapers.</subfield></datafield><datafield ind1=" " ind2="0" tag="650"><subfield code="a">Church group work with youth</subfield><subfield code="v">Newspapers.</subfield></datafield><datafield ind1=" " ind2="0" tag="650"><subfield code="a">Methodism</subfield><subfield code="v">Newspapers.</subfield></datafield><datafield ind1=" " ind2="7" tag="655"><subfield code="a">Newspapers.</subfield><subfield code="2">fast</subfield><subfield code="0">(OCoLC)fst01423814</subfield></datafield><datafield ind1="2" ind2="7" tag="610"><subfield code="a">Methodist Episcopal Church.</subfield><subfield code="2">fast</subfield><subfield code="0">(OCoLC)fst00541689</subfield></datafield><datafield ind1=" " ind2="7" tag="650"><subfield code="a">Christian youth.</subfield><subfield code="2">fast</subfield><subfield code="0">(OCoLC)fst00859596</subfield></datafield><datafield ind1=" " ind2="7" tag="650"><subfield code="a">Church group work with youth.</subfield><subfield code="2">fast</subfield><subfield code="0">(OCoLC)fst00860723</subfield></datafield><datafield ind1=" " ind2="7" tag="650"><subfield code="a">Methodism.</subfield><subfield code="2">fast</subfield><subfield code="0">(OCoLC)fst01018631</subfield></datafield><datafield ind1=" " ind2="7" tag="650"><subfield code="a">Protestant youth.</subfield><subfield code="2">fast</subfield><subfield code="0">(OCoLC)fst01079919</subfield></datafield><datafield ind1="2" ind2=" " tag="710"><subfield code="a">Epworth League (U.S.).</subfield><subfield code="k">Newspapers.</subfield></datafield><datafield ind1=" " ind2=" " tag="752"><subfield code="a">United States</subfield><subfield code="b">Illinois</subfield><subfield code="c">Cook</subfield><subfield code="d">Chicago.</subfield></datafield><datafield ind1=" " ind2=" " tag="752"><subfield code="a">United States</subfield><subfield code="b">New York</subfield><subfield code="d">New York.</subfield></datafield><datafield ind1="0" ind2="8" tag="776"><subfield code="i">Online version:</subfield><subfield code="t">Epworth herald</subfield><subfield code="w">(OCoLC)707065865</subfield></datafield></record>